@misc{Dalal.2014,
	title = "Neo4j MySql MS-SQL comparison",
	author = "Dalal, D.",
	year = "2014",
	howpublished = "Retrieved April, 9, 2017, from \url{https://de.slideshare.net/DhavalDalal/neo4j-my-sqlmssqlcomparisonfinal}"
}

@misc{Gupta.2015,
	title = "Neo4j Essentials",
	author = "Gupta, S.",
	year = "2015",
	howpublished = "Retrieved from \url{https://books.google.de/books?id=WJ7NBgAAQBAJ}"
}

@misc{Hunger.2013,
	title = "Data Modeling with Neo4j",
	author = "Hunger, M.",
	year = "2013",
	howpublished = "Retrieved from the SlideShare website: \url{https://de.slideshare.net/neo4j/data-modeling-with-neo4j}"
}

@book{HungerBoydLyon.2016,
	title = "The Definitive Guide to Graph Databases for the RDBMS Developer",
	author = "Hunger, M., Boyd, R. & Lyon, W.",
	year = "2016",
	howpublished = "Retrieved April, 10. 2017, from \url{http://info.neotechnology.com/rs/773-GON-065/images/Definitive-Guide-Graph-Databases-for-RDBMS-Developer.pdf}"
}

@article{Neo4jStaff.2011,
	title = "Intro to Graph Databases",
	author = "{{Neo4j Staff}}",
	year = "2011",
	howpublished = "Retrieved April, 9, 2017, from \url{https://neo4j.com/blog/recap-intro-to-graph-databases-webinar-series-1/}"
}

@misc{NeoTechnologyInc.2017a,
	title = "Neo4j Licensing",
	author = "{{Neo Technology, Inc.}}",
	year = "2017",
	howpublished = "Retrieved April 9, 2017, from \url{https://neo4j.com/licensing/}"
}

@misc{NeoTechnologyInc.2017b,
	title = "Neo4j: The Worldâ€™s Leading Graph Database",
	author = "{{Neo Technology, Inc.}}",
	year = "2017",
	howpublished = "Retrieved April 9, 2017, from \url{https://neo4j.com/product/}"
}

@misc{NeoTechnologyInc.2017c,
	title = "Graph Data Modeling Guidelines",
	author = "{{Neo Technology, Inc.}}",
	year = "2017",
	howpublished = "Retrieved March 29, 2017, from \url{https://neo4j.com/developer/guide-data-modeling}"
}

@misc{NeoTechnologyInc.2017d,
	title = "Intro to Cypher",
	author = "{{Neo Technology, Inc.}}",
	year = "2017",
	howpublished = "Retrieved March 29, 2017, from \url{https://neo4j.com/developer/cypher-query-language}"
}

@misc{NeoTechnologyInc.2017e,
	title = "Cypher Query Language Developer Guides & Tutorials",
	author = "{{Neo Technology, Inc.}}",
	year = "2017",
	howpublished = "Retrieved April 9, 2017, from \url{https://neo4j.com/developer/cypher}"
}

@misc{NeoTechnologyInc.2017f,
	title = "For Relational Database Developers: A SQL to Cypher Guide",
	author = "{{Neo Technology, Inc.}}",
	year = "2017",
	howpublished = "Retrieved April 9, 2017, from \url{https://neo4j.com/developer/guide-sql-to-cypher}"
}

@misc{NeoTechnologyInc.2017g,
	title = "Graph DB vs RDBMS",
	author = "{{Neo Technology, Inc.}}",
	year = "2017",
	howpublished = "Retrieved April 9, 2017, from \url{https://neo4j.com/developer/graph-db-vs-rdbms/}"
}

@misc{NeoTechnologyInc.2017h,
	title = "Neo4j and MongoDB",
	author = "{{Neo Technology, Inc.}}",
	year = "2017",
	howpublished = "Retrieved April, 9, 2017, from \url{https://neo4j.com/developer/mongodb/}"
}

@misc{Mahler.2014,
	title = "Graphendatenbank: Flexible Datenabfragen mit Neo4j",
	author = "Mahler, D.",
	year = "2014",
	howpublished = "Retrieved April 9, 2017, from \url{https://www.heise.de/developer/artikel/Graphendatenbank-Flexible-Datenabfragen-mit-Neo4j-2176439.html}"
}

@book{RobinsonWebberEifrem.2013,
	title = "Graph Databases",
	author = "Robinson, I., Webber, J. & Eifrem, E.",
	year = "2013",
	howpublished = "Sebastopol, CA: O'Reilly Media"
}

@misc{RodriguezNeubauer.2010,
	title = "Constructions from Dots and Lines",
	author = "Rodriguez, M. A. \& Neubauer, P.",
	year = "2010",
	howpublished = "Retrieved from the Cornell University website: \url{https://arxiv.org/abs/1006.2361}"
}

@misc{Rouse.2016,
	title = "DEFINITION: graph database",
	author = "Rouse, M.",
	year = "2016",
	howpublished = "Retrieved April 5, 2017, from \url{http://whatis.techtarget.com/definition/graph-database}"
}

@misc{SolidITGmbH.2017,
	title = "DB-Engines Ranking von Graph DBMS",
	author = "{{Solid IT GmbH}}",
	year = "2017",
	howpublished = "Retrieved April 8, 2017, from \url{https://db-engines.com/de/ranking/graph+dbms}"
}

@book{WebberRobinson.2015,
	title = "Graph Databases",
	author = "Webber, J. & Robinson, I.",
	year = "2015",
	howpublished = "O'Reilly"
}

@misc{W3C.2014,
	title = "Resource Description Framework (RDF)",
	author = "{{W3C}}",
	year = "2014",
	howpublished = "Retrieved April 9, 2017, from \url{https://www.w3.org/RDF/}"
}

